@inproceedings{arun2011,
  author    = {Arun Viswanathan and
               Alefiya Hussain and
               Jelena Mirkovic and
               Stephen Schwab and
               John Wroclawski},
  title     = {A Semantic Framework for Data Analysis in Networked Systems},
  booktitle = {Proceedings of the 8th {USENIX} Symposium on Networked Systems Design
               and Implementation, {NSDI} 2011, Boston, MA, USA, March 30 - April
               1, 2011},
  year      = {2011},
  url       = {https://www.usenix.org/conference/nsdi11/semantic-framework-data-analysis-networked-systems},
}

